% Encoding: UTF-8

@Book{Pilgrim2009,
  title     = {Dive Into Python 3},
  publisher = {Apress},
  year      = {2009},
  author    = {Mark Pilgrim},
}

@Book{LearningPythonPACKT,
  title     = {Learning Python},
  publisher = {PACKT},
  year      = {2015},
  author    = {Fabrizio Romano},
}

@book{Python3,
	author 		= {Ernesti Kasier},
	title 		= {Python 3 Das umfassende Handbuch},
	publisher 	= {Rheinwerk VerlagGBmbH},
	year 		= {2015},
	isbn 		= {978-3-8362-3633-1},	
}	
	
	
@misc{matplotlib,
	title = "matplotlib.org", 
	howpublished = "\url{https://matplotlib.org/}",
	note = "zuletzt gesehen am 24.10.2018",
	key = "matplotlib"}
	
	
@misc{scipyreference,
	title = "scipyreference", 
	howpublished = "\url{https://docs.scipy.org/doc/scipy/reference/}",
	note = "zuletzt gesehen am 24.10.2018",
	key = "scipyreference"}	


@misc{numpyreference,
	title = "numpyreference", 
	howpublished = "\url{https://docs.scipy.org/doc/numpy/reference/index.html}",
	note = "zuletzt gesehen am 24.10.2018",
	key = "numpyreference"}	


@misc{pandas,
	title = "pandas", 
	howpublished = "\url{http://pandas.pydata.org/pandas-docs/stable/}",
	note = "zuletzt gesehen am 24.10.2018",
	key = "pandas"}	


@misc{sympy,
	title = "sympy", 
	howpublished = "\url{https://docs.sympy.org/latest/index.html}",
	note = "zuletzt gesehen am 24.10.2018",
	key = "sympy"}	


@misc{scikit,
	title = "scikit-learn",
	howpublished = "\url{http://scikit-learn.org/stable/index.html}",
	note = "zuletzt gesehen am 01.11.2018",
	key = "scikit"}
	

@misc{rpy2,
	title = "rpy2",
	howpublished = "\url{https://pypi.org/project/rpy2/}",
	note = "zuletzt gesehen am 01.11.2018",
	key = "rpy2"}


@online{offiziellepythondoku,
	author = {Python Software Foundation},
	title = {The Python Tutorial},
	date = {22-11-2018},
	url = {https://docs.python.org/3/tutorial/},
}
